<?xml version="1.0" encoding="UTF-8"?><record xmlns="http://www.loc.gov/MARC21/slim" xmlns:cinclude="http://apache.org/cocoon/include/1.0" xmlns:zs="http://www.loc.gov/zing/srw/">
  <leader>00478cz  a2200145n  4500</leader>
  <controlfield tag="001">n  97085490 </controlfield>
  <controlfield tag="003">DLC</controlfield>
  <controlfield tag="005">20001118070950.0</controlfield>
  <controlfield tag="008">970826n| acannaabn          |a aaa      </controlfield>
  <datafield tag="010" ind1=" " ind2=" ">
    <subfield code="a">n  97085490 </subfield>
  </datafield>
  <datafield tag="035" ind1=" " ind2=" ">
    <subfield code="a">(OCoLC)oca04415862</subfield>
  </datafield>
  <datafield tag="040" ind1=" " ind2=" ">
    <subfield code="a">DLC</subfield>
    <subfield code="b">eng</subfield>
    <subfield code="c">DLC</subfield>
    <subfield code="d">DLC</subfield>
    <subfield code="d">OCoLC</subfield>
  </datafield>
  <datafield tag="100" ind1="1" ind2=" ">
    <subfield code="a">Notari-Syverson, Angela</subfield>
  </datafield>
  <datafield tag="400" ind1="1" ind2=" ">
    <subfield code="a">Syverson, Angela Notari-</subfield>
  </datafield>
  <datafield tag="670" ind1=" " ind2=" ">
    <subfield code="a">Ladders to literacy, c1998:</subfield>
    <subfield code="b">CIP t.p. (Angela Notari-Syverson, Ph. D.) galley (Res. assoc., Wash. Res. Inst., Seattle, Wash.)</subfield>
  </datafield>
</record>